% Chapter 1
@article{bradlyn2017topological,
  title={Topological quantum chemistry},
  author={Bradlyn, Barry and Elcoro, L and Cano, Jennifer and Vergniory, MG and Wang, Zhijun and Felser, C and Aroyo, MI and Bernevig, B Andrei},
  journal={Nature},
  volume={547},
  number={7663},
  pages={298--305},
  year={2017},
  publisher={Nature Publishing Group}
}
@article{cava2013crystal,
  title={Crystal structure and chemistry of topological insulators},
  author={Cava, Robert Joseph and Ji, Huiwen and Fuccillo, Michael K and Gibson, Quinn D and Hor, Yew San},
  journal={Journal of Materials Chemistry C},
  volume={1},
  number={19},
  pages={3176--3189},
  year={2013},
  publisher={Royal Society of Chemistry}
}
@article{stanev2018unsupervised,
  title={Unsupervised phase mapping of X-ray diffraction data by nonnegative matrix factorization integrated with custom clustering},
  author={Stanev, Valentin and Vesselinov, Velimir V and Kusne, A Gilad and Antoszewski, Graham and Takeuchi, Ichiro and Alexandrov, Boian S},
  journal={npj Computational Materials},
  volume={4},
  number={1},
  pages={1--10},
  year={2018},
  publisher={Nature Publishing Group}
}
@article{gomes2019crystal,
  title={CRYSTAL: a multi-agent AI system for automated mapping of materials' crystal structures},
  author={Gomes, Carla P and Bai, Junwen and Xue, Yexiang and Bj{\"o}rck, Johan and Rappazzo, Brendan and Ament, Sebastian and Bernstein, Richard and Kong, Shufeng and Suram, Santosh K and van Dover, R Bruce and others},
  journal={MRS Communications},
  volume={9},
  number={2},
  pages={600--608},
  year={2019},
  publisher={Cambridge University Press}
}

 @misc{ periodictable,
   author = "{Wikipedia contributors}",
   title = "Periodic table",
   year = "2004",
   url = "https://en.wikipedia.org/wiki/Periodic_table",
   note = "[Online; accessed 24-April-2020]"
 }
@article{de19902p,
  title={2p x-ray absorption of 3d transition-metal compounds: An atomic multiplet description including the crystal field},
  author={de Groot, Frank MF and Fuggle, JC and Thole, BT and Sawatzky, GA},
  journal={Physical Review B},
  volume={42},
  number={9},
  pages={5459},
  year={1990},
  publisher={APS}
}
@book{de2008core,
  title={Core level spectroscopy of solids},
  author={De Groot, Frank and Kotani, Akio},
  year={2008},
  publisher={CRC press}
}
@article{suzuki2019automated,
  title={Automated estimation of materials parameter from X-ray absorption and electron energy-loss spectra with similarity measures},
  author={Suzuki, Yuta and Hino, Hideitsu and Kotsugi, Masato and Ono, Kanta},
  journal={Npj Computational Materials},
  volume={5},
  number={1},
  pages={1--7},
  year={2019},
  publisher={Nature Publishing Group}
}
@article{kane2006new,
  title={A new spin on the insulating state},
  author={Kane, Charles L and Mele, Eugene J},
  journal={Science},
  volume={314},
  number={5806},
  pages={1692--1693},
  year={2006},
  publisher={American Association for the Advancement of Science}
}
@article{mcinnes2018umap,
  title={Umap: Uniform manifold approximation and projection for dimension reduction},
  author={McInnes, Leland and Healy, John and Melville, James},
  journal={arXiv preprint arXiv:1802.03426},
  year={2018}
}

@inproceedings{lebras2011constraint,
  title={Constraint reasoning and kernel clustering for pattern decomposition with scaling},
  author={LeBras, Ronan and Damoulas, Theodoros and Gregoire, John M and Sabharwal, Ashish and Gomes, Carla P and Van Dover, R Bruce},
  booktitle={International Conference on Principles and Practice of Constraint Programming},
  pages={508--522},
  year={2011},
  organization={Springer}
}
@book{brunton2019data,
  title={Data-driven science and engineering: Machine learning, dynamical systems, and control},
  author={Brunton, Steven L and Kutz, J Nathan},
  year={2019},
  publisher={Cambridge University Press}
}

@book{rajan2013informatics,
  title={Informatics for materials science and engineering: data-driven discovery for accelerated experimentation and application},
  author={Rajan, Krishna},
  year={2013},
  publisher={Butterworth-Heinemann}
}
@article{ajayi2016rapid,
  title={A rapid and scalable method for making mixed metal oxide alloys for enabling accelerated materials discovery},
  author={Ajayi, Babajide Patrick and Kumari, Sudesh and Jaramillo-Cabanzo, Daniel and Spurgeon, Joshua and Jasinski, Jacek and Sunkara, Mahendra},
  journal={Journal of Materials Research},
  volume={31},
  number={11},
  pages={1596--1607},
  year={2016},
  publisher={Cambridge University Press}
}

@article{hull2018stochasticity,
  title={Stochasticity in materials structure, properties, and processing—A review},
  author={Hull, Robert and Keblinski, Pawel and Lewis, Dan and Maniatty, Antoinette and Meunier, Vincent and Oberai, Assad A and Picu, Catalin R and Samuel, Johnson and Shephard, Mark S and Tomozawa, Minoru and others},
  journal={Applied physics reviews},
  volume={5},
  number={1},
  pages={011302},
  year={2018},
  publisher={AIP Publishing LLC}
}


@article{flory1940molecular,
  title={Molecular size distribution in ethylene oxide polymers},
  author={Flory, Paul J},
  journal={Journal of the American chemical society},
  volume={62},
  number={6},
  pages={1561--1565},
  year={1940},
  publisher={ACS Publications}
}

@article{bengio2013representation,
  title={Representation learning: A review and new perspectives},
  author={Bengio, Yoshua and Courville, Aaron and Vincent, Pascal},
  journal={IEEE transactions on pattern analysis and machine intelligence},
  volume={35},
  number={8},
  pages={1798--1828},
  year={2013},
  publisher={IEEE}
}

@inproceedings{caruana2006meta,
  title={Meta clustering},
  author={Caruana, Rich and Elhawary, Mohamed and Nguyen, Nam and Smith, Casey},
  booktitle={Sixth International Conference on Data Mining (ICDM'06)},
  pages={107--118},
  year={2006},
  organization={IEEE}
}


@inproceedings{santos2009use,
  title={On the use of the adjusted rand index as a metric for evaluating supervised classification},
  author={Santos, Jorge M and Embrechts, Mark},
  booktitle={International conference on artificial neural networks},
  pages={175--184},
  year={2009},
  organization={Springer}
}
@article{hubert1985comparing,
  title={Comparing partitions},
  author={Hubert, Lawrence and Arabie, Phipps},
  journal={Journal of classification},
  volume={2},
  number={1},
  pages={193--218},
  year={1985},
  publisher={Springer}
}
@article{strehl2002cluster,
  title={Cluster ensembles---a knowledge reuse framework for combining multiple partitions},
  author={Strehl, Alexander and Ghosh, Joydeep},
  journal={Journal of machine learning research},
  volume={3},
  number={Dec},
  pages={583--617},
  year={2002}
}
@article{vinh2010information,
  title={Information theoretic measures for clusterings comparison: Variants, properties, normalization and correction for chance},
  author={Vinh, Nguyen Xuan and Epps, Julien and Bailey, James},
  journal={Journal of Machine Learning Research},
  volume={11},
  number={Oct},
  pages={2837--2854},
  year={2010}
}
@article{fowlkes1983method,
  title={A method for comparing two hierarchical clusterings},
  author={Fowlkes, Edward B and Mallows, Colin L},
  journal={Journal of the American statistical association},
  volume={78},
  number={383},
  pages={553--569},
  year={1983},
  publisher={Taylor \& Francis Group}
}
@inproceedings{franccois2005non,
  title={Non-Euclidean metrics for similarity search in noisy datasets.},
  author={Fran{\c{c}}ois, Damien and Wertz, Vincent and Verleysen, Michel and others},
  booktitle={ESANN},
  pages={339--344},
  year={2005}
}
@article{powers2015f,
  title={What the F-measure doesn't measure: Features, Flaws, Fallacies and Fixes},
  author={Powers, David MW},
  journal={arXiv preprint arXiv:1503.06410},
  year={2015}
}
@article{vinh2010information,
  title={Information theoretic measures for clusterings comparison: Variants, properties, normalization and correction for chance},
  author={Vinh, Nguyen Xuan and Epps, Julien and Bailey, James},
  journal={Journal of Machine Learning Research},
  volume={11},
  number={Oct},
  pages={2837--2854},
  year={2010}
}
@article{fowlkes1983method,
  title={A method for comparing two hierarchical clusterings},
  author={Fowlkes, Edward B and Mallows, Colin L},
  journal={Journal of the American statistical association},
  volume={78},
  number={383},
  pages={553--569},
  year={1983},
  publisher={Taylor \& Francis Group}
}
@article{manning2010introduction,
  title={Introduction to information retrieval},
  author={Manning, Christopher and Raghavan, Prabhakar and Sch{\"u}tze, Hinrich},
  journal={Natural Language Engineering},
  volume={16},
  number={1},
  pages={100--103},
  year={2010},
  publisher={Cambridge university press}
}
@inproceedings{santos2009use,
  title={On the use of the adjusted rand index as a metric for evaluating supervised classification},
  author={Santos, Jorge M and Embrechts, Mark},
  booktitle={International conference on artificial neural networks},
  pages={175--184},
  year={2009},
  organization={Springer}
}
@article{hubert1985comparing,
  title={Comparing partitions},
  author={Hubert, Lawrence and Arabie, Phipps},
  journal={Journal of classification},
  volume={2},
  number={1},
  pages={193--218},
  year={1985},
  publisher={Springer}
}
@article{strehl2002cluster,
  title={Cluster ensembles---a knowledge reuse framework for combining multiple partitions},
  author={Strehl, Alexander and Ghosh, Joydeep},
  journal={Journal of machine learning research},
  volume={3},
  number={Dec},
  pages={583--617},
  year={2002}
}
@article{vinh2010information,
  title={Information theoretic measures for clusterings comparison: Variants, properties, normalization and correction for chance},
  author={Vinh, Nguyen Xuan and Epps, Julien and Bailey, James},
  journal={Journal of Machine Learning Research},
  volume={11},
  number={Oct},
  pages={2837--2854},
  year={2010}
}
@article{fowlkes1983method,
  title={A method for comparing two hierarchical clusterings},
  author={Fowlkes, Edward B and Mallows, Colin L},
  journal={Journal of the American statistical association},
  volume={78},
  number={383},
  pages={553--569},
  year={1983},
  publisher={Taylor \& Francis Group}
}
@article{powers2015f,
  title={What the F-measure doesn't measure: Features, Flaws, Fallacies and Fixes},
  author={Powers, David MW},
  journal={arXiv preprint arXiv:1503.06410},
  year={2015}
}

@article{bunn2016semi,
  title={Semi-Supervised approach to phase identification from combinatorial sample diffraction patterns},
  author={Bunn, Jonathan Kenneth and Hu, Jianjun and Hattrick-Simpers, Jason R},
  journal={JOM},
  volume={68},
  number={8},
  pages={2116--2125},
  year={2016},
  publisher={Springer}
}

@inproceedings{bras2010computational,
  title={Computational thinking for material discovery: bridging constraint reasoning and learning},
  author={Bras, RL and Damoulas, Theodoros and Gregoire, John M and Sabharwal, Ashish and Gomes, CP and Dover, RBV},
  booktitle={CROCS 2010-2nd International Workshop on Constraint Reasoning and Optimization for Computational Sustainability},
  year={2010}
}

@article{hernandez2016using,
  title={Using similarity metrics to quantify differences in high-throughput data sets: application to X-ray diffraction patterns},
  author={Hernandez-River, E. and Coleman, S. P. and Tschopp, M. A.},
  journal={ACS combinatorial science},
  volume={19},
  number={1},
  pages={25--36},
  year={2016},
  publisher={ACS Publications}
}

@article{bellman1961curse,
  title={Curse of dimensionality},
  author={Bellman, R},
  journal={Adaptive control processes: a guided tour. Princeton, NJ},
  year={1961}
}


@inproceedings{weinberger2006distance,
  title={Distance metric learning for large margin nearest neighbor classification},
  author={Weinberger, Kilian Q and Blitzer, John and Saul, Lawrence K},
  booktitle={Advances in neural information processing systems},
  pages={1473--1480},
  year={2006}
}

@article{suram2015generating,
  title={Generating information-rich high-throughput experimental materials genomes using functional clustering via multitree genetic programming and information theory},
  author={Suram, Santosh K and Haber, Joel A and Jin, Jian and Gregoire, John M},
  journal={ACS combinatorial science},
  volume={17},
  number={4},
  pages={224--233},
  year={2015},
  publisher={ACS Publications}
}
@article{haber2014high,
  title={High-Throughput Mapping of the Electrochemical Properties of (Ni-Fe-Co-Ce) Ox Oxygen-Evolution Catalysts},
  author={Haber, Joel A and Xiang, Chengxiang and Guevarra, Dan and Jung, Suho and Jin, Jian and Gregoire, John M},
  journal={ChemElectroChem},
  volume={1},
  number={3},
  pages={524--528},
  year={2014},
  publisher={Wiley Online Library}
}
@article{rajan2005materials,
  title={Materials informatics},
  author={Rajan, Krishna},
  journal={Materials Today},
  volume={8},
  number={10}, 
23

  pages={38--45},
  year={2005},
  publisher={Elsevier}
}
@inproceedings{ng2002spectral,
  title={On spectral clustering: Analysis and an algorithm},
  author={Ng, Andrew Y and Jordan, Michael I and Weiss, Yair},
  booktitle={Advances in neural information processing systems},
  pages={849--856},
  year={2002}
}
@article{tenenbaum2000global,
  title={A global geometric framework for nonlinear dimensionality reduction},
  author={Tenenbaum, Joshua B and De Silva, Vin and Langford, John C},
  journal={science},
  volume={290},
  number={5500},
  pages={2319--2323},
  year={2000},
  publisher={American Association for the Advancement of Science}
}
@inproceedings{weinberger2006introduction,
  title={An introduction to nonlinear dimensionality reduction by maximum variance unfolding},
  author={Weinberger, Kilian Q and Saul, Lawrence K},
  booktitle={AAAI},
  volume={6},
  pages={1683--1686},
  year={2006}
}
@incollection{greeley2011computational,
  title={Computational high-throughput screening of electrocatalytic materials for hydrogen evolution},
  author={Greeley, Jeff and Jaramillo, Thomas F and Bonde, Jacob and Chorkendorff, IB and N{\o}rskov, Jens K},
  booktitle={Materials For Sustainable Energy: A Collection of Peer-Reviewed Research and Review Articles from Nature Publishing Group},
  pages={280--284},
  year={2011},
  publisher={World Scientific}
}
@article{gupta2009identification,
  title={Identification of selective inhibitors of cancer stem cells by high-throughput screening},
  author={Gupta, Piyush B and Onder, Tamer T and Jiang, Guozhi and Tao, Kai and Kuperwasser, Charlotte and Weinberg, Robert A and Lander, Eric S},
  journal={Cell},
  volume={138},
  number={4},
  pages={645--659},
  year={2009},
  publisher={Elsevier}
}
@article{kirsten2004strategies,
  title={Strategies for the discovery of new catalysts with combinatorial chemistry},
  author={Kirsten, Guido and Maier, Wilhelm F},
  journal={Applied surface science},
  volume={223},
  number={1-3},
  pages={87--101},
  year={2004},
  publisher={Elsevier}
}
@article{goldsmith2018machine,
  title={Machine learning for heterogeneous catalyst design and discovery},
  author={Goldsmith, Bryan R and Esterhuizen, Jacques and Liu, Jin-Xun and Bartel, Christopher J and Sutton, Christopher},
  journal={AIChE Journal},
  volume={64},
  number={7},
  pages={2311--2323},
  year={2018},
  publisher={Wiley Online Library}
}
@article{strasser2008combinatorial,
  title={Combinatorial optimization of ternary Pt alloy catalysts for the electrooxidation of methanol},
  author={Strasser, Peter},
  journal={Journal of combinatorial chemistry},
  volume={10},
  number={2},
  pages={216--224},
  year={2008},
  publisher={ACS Publications}
}
@inproceedings{angra2017machine,
  title={Machine learning and its applications: a review},
  author={Angra, Sheena and Ahuja, Sachin},
  booktitle={Big Data Analytics and Computational Intelligence (ICBDAC), 2017 International Conference on},
  pages={57--60},
  year={2017},
  organization={IEEE}
}
@article{das2015applications,
  title={Applications of artificial intelligence in machine learning: review and prospect},
  author={Das, Sumit and Dey, Aritra and Pal, Akash and Roy, Nabamita},
  journal={International Journal of Computer Applications},
  volume={115},
  number={9},
  year={2015},
  publisher={Citeseer}
}
@article{pilania2013accelerating,
  title={Accelerating materials property predictions using machine learning},
  author={Pilania, Ghanshyam and Wang, Chenchen and Jiang, Xun and Rajasekaran, Sanguthevar and Ramprasad, Ramamurthy},
  journal={Scientific reports},
  volume={3},
  pages={2810},
  year={2013},
  publisher={Nature Publishing Group}
}
@article{arnold2001combinatorial,
  title={Combinatorial and computational challenges for biocatalyst design},
  author={Arnold, Frances H},
  journal={Nature},
  volume={409},
  number={6817},
  pages={253},
  year={2001},
  publisher={Nature Publishing Group}
}
@inproceedings{lane1997application,
  title={An application of machine learning to anomaly detection},
  author={Lane, Terran and Brodley, Carla E},
  booktitle={Proceedings of the 20th National Information Systems Security Conference},
  volume={377},
  pages={366--380},
  year={1997},
  organization={Baltimore, USA}
}
@article{santini1999similarity,
  title={Similarity measures},
  author={Santini, Simone and Jain, Ramesh},
  journal={IEEE Transactions on pattern analysis and machine Intelligence},
  volume={21},
  number={9},
  pages={871--883},
  year={1999},
  publisher={IEEE}
}
@inproceedings{aggarwal2001surprising,
  title={On the surprising behavior of distance metrics in high dimensional space},
  author={Aggarwal, Charu C and Hinneburg, Alexander and Keim, Daniel A},
  booktitle={International conference on database theory},
  pages={420--434},
  year={2001},
  organization={Springer}
}
@article{iwasaki2017comparison,
  title={Comparison of dissimilarity measures for cluster analysis of X-ray diffraction data from combinatorial libraries},
  author={Iwasaki, Yuma and Kusne, A Gilad and Takeuchi, Ichiro},
  journal={npj Computational Materials},
  volume={3},
  number={1},
  pages={4},
  year={2017},
  publisher={Nature Publishing Group}
}
@article{hattrick2016perspective,
  title={Perspective: Composition--structure--property mapping in high-throughput experiments: Turning data into knowledge},
  author={Hattrick-Simpers, Jason R and Gregoire, John M and Kusne, A Gilad},
  journal={APL Materials},
  volume={4},
  number={5},
  pages={053211},
  year={2016},
  publisher={AIP Publishing}
}

@inproceedings{parameswaran2010large,
  title={Large margin multi-task metric learning},
  author={Parameswaran, Shibin and Weinberger, Kilian Q},
  booktitle={Advances in neural information processing systems},
  pages={1867--1875},
  year={2010}
}

@article{xiong2017automated,
  title={Automated phase segmentation for large-scale X-ray diffraction data using a graph-based phase segmentation (GPhase) algorithm},
  author={Xiong, Zheng and He, Yinyan and Hattrick-Simpers, Jason R and Hu, Jianjun},
  journal={ACS combinatorial science},
  volume={19},
  number={3},
  pages={137--144},
  year={2017},
  publisher={ACS Publications}
}

@inproceedings{zelnik2005self,
  title={Self-tuning spectral clustering},
  author={Zelnik-Manor, Lihi and Perona, Pietro},
  booktitle={Advances in neural information processing systems},
  pages={1601--1608},
  year={2005}
}
@article{Kusne2015HighthroughputDO,
  title={High-throughput determination of structural phase diagram and constituent phases using GRENDEL.},
  author={Aaron Gilad Kusne and D Keller and Andrew Anderson and Arie Zaban and Ichiro Takeuchi},
  journal={Nanotechnology},
  year={2015},
  volume={26 44},
  pages={444002}
}
@inproceedings{kedem2012non,
  title={Non-linear metric learning},
  author={Kedem, Dor and Tyree, Stephen and Sha, Fei and Lanckriet, Gert R and Weinberger, Kilian Q},
  booktitle={Advances in Neural Information Processing Systems},
  pages={2573--2581},
  year={2012}
}
@article{long2007rapid,
  title={Rapid structural mapping of ternary metallic alloy systems using the combinatorial approach and cluster analysis},
  author={Long, CJ and Hattrick-Simpers, J and Murakami, Makoto and Srivastava, RC and Takeuchi, Ichiro and Karen, Vicky L and Li, X},
  journal={Review of Scientific Instruments},
  volume={78},
  number={7},
  pages={072217},
  year={2007},
  publisher={AIP}
}
@article{wang2015survey,
  title={Survey on distance metric learning and dimensionality reduction in data mining},
  author={Wang, Fei and Sun, Jimeng},
  journal={Data Mining and Knowledge Discovery},
  volume={29},
  number={2},
  pages={534--564},
  year={2015},
  publisher={Springer}
}
@article{bernstein2014computational,
  title={A computational challenge problem in materials discovery: Synthetic problem generator and real-world datasets},
  author={Bernstein, Ronan Le Bras Richard and Suram, John M Gregoire Santosh K and Selman, Carla P Gomes Bart and van Dover, R Bruce},
  year={2014}
}
@book{friedman2001elements,
  title={The elements of statistical learning},
  author={Friedman, Jerome and Hastie, Trevor and Tibshirani, Robert},
  volume={1},
  number={10},
  year={2001},
  publisher={Springer series in statistics New York, NY, USA:}
}
@inproceedings{snoek2012practical,
  title={Practical bayesian optimization of machine learning algorithms},
  author={Snoek, Jasper and Larochelle, Hugo and Adams, Ryan P},
  booktitle={Advances in neural information processing systems},
  pages={2951--2959},
  year={2012}
}
@inproceedings{zelnik2005self,
  title={Self-tuning spectral clustering},
  author={Zelnik-Manor, Lihi and Perona, Pietro},
  booktitle={Advances in neural information processing systems},
  pages={1601--1608},
  year={2005}
}
@article{bernstein2014computational,
  title={A computational challenge problem in materials discovery: Synthetic problem generator and real-world datasets},
  author={Bernstein, Ronan Le Bras Richard and Suram, John M Gregoire Santosh K and Selman, Carla P Gomes Bart and van Dover, R Bruce},
  year={2014}
}
@article{saveant1980catalysis,
  title={Catalysis of chemical reactions by electrodes},
  author={Saveant, Jean Michel},
  journal={Accounts of Chemical Research},
  volume={13},
  number={9},
  pages={323--329},
  year={1980},
  publisher={ACS Publications}
}
@article{costentin2017catalysis,
  title={Catalysis of Electrochemical Reactions by Surface-Active Sites: Analyzing the Occurrence and Significance of Volcano Plots by Cyclic Voltammetry},
  author={Costentin, Cyrille and Sav{\'e}ant, Jean-Michel},
  journal={ACS Catalysis},
  volume={7},
  number={7},
  pages={4876--4880},
  year={2017},
  publisher={ACS Publications}
}
@article{long2007rapid,
  title={Rapid structural mapping of ternary metallic alloy systems using the combinatorial approach and cluster analysis},
  author={Long, CJ and Hattrick-Simpers, J and Murakami, Makoto and Srivastava, RC and Takeuchi, Ichiro and Karen, Vicky L and Li, X},
  journal={Review of Scientific Instruments},
  volume={78},
  number={7},
  pages={072217},
  year={2007},
  publisher={AIP}
}

@article{green2017fulfilling,
  title={Fulfilling the promise of the materials genome initiative with high-throughput experimental methodologies},
  author={Green, Martin L and Choi, CL and Hattrick-Simpers, JR and Joshi, AM and Takeuchi, I and Barron, SC and Campo, E and Chiang, T and Empedocles, S and Gregoire, JM and others},
  journal={Applied Physics Reviews},
  volume={4},
  number={1},
  pages={011105},
  year={2017},
  publisher={AIP Publishing}
}
@article{white2012materials,
  title={The materials genome initiative: One year on},
  author={White, Ashley},
  journal={MRS Bulletin},
  volume={37},
  number={8},
  pages={715--716},
  year={2012},
  publisher={Cambridge University Press}
}

@article{koinuma2004combinatorial,
  title={Combinatorial solid-state chemistry of inorganic materials},
  author={Koinuma, Hideomi and Takeuchi, Ichiro},
  journal={Nature materials},
  volume={3},
  number={7},
  pages={429},
  year={2004},
  publisher={Nature Publishing Group}
}
@article{takeuchi2002combinatorial,
  title={Combinatorial synthesis and evaluation of functional inorganic materials using thin-film techniques},
  author={Takeuchi, Ichiro and van Dover, Robert Bruce and Koinuma, Hideomi},
  journal={MRS bulletin},
  volume={27},
  number={4},
  pages={301--308},
  year={2002},
  publisher={Cambridge University Press}
}
@article{xiang2008learning,
  title={Learning a Mahalanobis distance metric for data clustering and classification},
  author={Xiang, Shiming and Nie, Feiping and Zhang, Changshui},
  journal={Pattern Recognition},
  volume={41},
  number={12},
  pages={3600--3612},
  year={2008},
  publisher={Elsevier}
}
@incollection{roth2014mahalanobis,
  title={Mahalanobis distance learning for person re-identification},
  author={Roth, Peter M and Hirzer, Martin and K{\"o}stinger, Martin and Beleznai, Csaba and Bischof, Horst},
  booktitle={Person re-identification},
  pages={247--267},
  year={2014},
  publisher={Springer}
}
@article{haber2014discovering,
  title={Discovering Ce-rich oxygen evolution catalysts, from high throughput screening to water electrolysis},
  author={Haber, Joel A and Cai, Yun and Jung, Suho and Xiang, Chengxiang and Mitrovic, Slobodan and Jin, Jian and Bell, Alexis T and Gregoire, John M},
  journal={Energy \& Environmental Science},
  volume={7},
  number={2},
  pages={682--688},
  year={2014},
  publisher={Royal Society of Chemistry}
}
@article{long2009rapid,
  title={Rapid identification of structural phases in combinatorial thin-film libraries using x-ray diffraction and non-negative matrix factorization},
  author={Long, CJ and Bunker, D and Li, X and Karen, VL and Takeuchi, I},
  journal={Review of Scientific Instruments},
  volume={80},
  number={10},
  pages={103902},
  year={2009},
  publisher={AIP}
}
@inproceedings{aggarwal2001surprising,
  title={On the surprising behavior of distance metrics in high dimensional space},
  author={Aggarwal, Charu C and Hinneburg, Alexander and Keim, Daniel A},
  booktitle={International conference on database theory},
  pages={420--434},
  year={2001},
  organization={Springer}
}
@article{caruana1997multitask,
  title={Multitask learning},
  author={Caruana, Rich},
  journal={Machine learning},
  volume={28},
  number={1},
  pages={41--75},
  year={1997},
  publisher={Springer}
}
@article{bar2005learning,
  title={Learning a mahalanobis metric from equivalence constraints},
  author={Bar-Hillel, Aharon and Hertz, Tomer and Shental, Noam and Weinshall, Daphna},
  journal={Journal of Machine Learning Research},
  volume={6},
  number={Jun},
  pages={937--965},
  year={2005}
}
@article{maaten2008visualizing,
  title={Visualizing data using t-SNE},
  author={Maaten, Laurens van der and Hinton, Geoffrey},
  journal={Journal of machine learning research},
  volume={9},
  number={Nov},
  pages={2579--2605},
  year={2008}
}
@article{dhanabal2011review,
  title={A review of various k-nearest neighbor query processing techniques},
  author={Dhanabal, S and Chandramathi, S},
  journal={International Journal of Computer Applications},
  volume={31},
  number={7},
  pages={14--22},
  year={2011}
}
@article{cover1967nearest,
  title={Nearest neighbor pattern classification},
  author={Cover, Thomas M and Hart, Peter E and others},
  journal={IEEE transactions on information theory},
  volume={13},
  number={1},
  pages={21--27},
  year={1967},
  publisher={Menlo Park}
}
@inproceedings{gardner2015bayesian,
  title={Bayesian active model selection with an application to automated audiometry},
  author={Gardner, Jacob and Malkomes, Gustavo and Garnett, Roman and Weinberger, Kilian Q and Barbour, Dennis and Cunningham, John P},
  booktitle={Advances in neural information processing systems},
  pages={2386--2394},
  year={2015}
}

@book{williams2006gaussian,
  title={Gaussian processes for machine learning},
  author={Williams, Christopher KI and Rasmussen, Carl Edward},
  volume={2},
  number={3},
  year={2006},
  publisher={MIT Press Cambridge, MA}
}


@misc{rountree2014evaluation,
  title={Evaluation of homogeneous electrocatalysts by cyclic voltammetry},
  author={Rountree, Eric S and McCarthy, Brian D and Eisenhart, Thomas T and Dempsey, Jillian L},
  year={2014},
  publisher={ACS Publications}
}

@article{jiang2018efficient,
  title={Efficient nonmyopic active search with applications in drug and materials discovery},
  author={Jiang, Shali and Malkomes, Gustavo and Moseley, Benjamin and Garnett, Roman},
  journal={arXiv preprint arXiv:1811.08871},
  year={2018}
}

%%% Introduction
@article{ward2017atomistic,
  title={Atomistic calculations and materials informatics: A review},
  author={Ward, Logan and Wolverton, Chris},
  journal={Current Opinion in Solid State and Materials Science},
  volume={21},
  number={3},
  pages={167--176},
  year={2017},
  publisher={Elsevier}
}
@article{ward2016general,
  title={A general-purpose machine learning framework for predicting properties of inorganic materials},
  author={Ward, Logan and Agrawal, Ankit and Choudhary, Alok and Wolverton, Christopher},
  journal={npj Computational Materials},
  volume={2},
  pages={16028},
  year={2016},
  publisher={Nature Publishing Group}
}
@article{stein2019functional,
  title={Functional mapping reveals mechanistic clusters for OER catalysis across (Cu--Mn--Ta--Co--Sn--Fe) O x composition and pH space},
  author={Stein, Helge S and Guevarra, Dan and Shinde, Aniketa and Jones, Ryan JR and Gregoire, John M and Haber, Joel A},
  journal={Materials Horizons},
  year={2019},
  publisher={Royal Society of Chemistry}
}

@article{suram2015generating,
  title={Generating information-rich high-throughput experimental materials genomes using functional clustering via multitree genetic programming and information theory},
  author={Suram, Santosh K and Haber, Joel A and Jin, Jian and Gregoire, John M},
  journal={ACS combinatorial science},
  volume={17},
  number={4},
  pages={224--233},
  year={2015},
  publisher={ACS Publications}
}
@article{costentin2015cyclic,
  title={Cyclic voltammetry analysis of electrocatalytic films},
  author={Costentin, Cyrille and Saveant, Jean-Michel},
  journal={The Journal of Physical Chemistry C},
  volume={119},
  number={22},
  pages={12174--12182},
  year={2015},
  publisher={ACS Publications}
}
@article{haber2014high,
  title={High-Throughput Mapping of the Electrochemical Properties of (Ni-Fe-Co-Ce) Ox Oxygen-Evolution Catalysts},
  author={Haber, Joel A and Xiang, Chengxiang and Guevarra, Dan and Jung, Suho and Jin, Jian and Gregoire, John M},
  journal={ChemElectroChem},
  volume={1},
  number={3},
  pages={524--528},
  year={2014},
  publisher={Wiley Online Library}
}

@article{tran2018active,
  title={Active learning across intermetallics to guide discovery of electrocatalysts for CO 2 reduction and H 2 evolution},
  author={Tran, Kevin and Ulissi, Zachary W},
  journal={Nature Catalysis},
  volume={1},
  number={9},
  pages={696},
  year={2018},
  publisher={Nature Publishing Group}
}
@article{kim2019active,
  title={Active-learning and materials design: the example of high glass transition temperature polymers},
  author={Kim, Chiho and Chandrasekaran, Anand and Jha, Anurag and Ramprasad, Rampi},
  journal={MRS Communications},
  pages={1--7},
  year={2019},
  publisher={Cambridge University Press}
}

@article{rohr2019benchmarking,
  title={Benchmarking the acceleration of materials discovery by sequential learning},
  author={Rohr, Brain and Stein, Helge and Guevarra, Dn and Wang, Yu and Haber, Joel and Aykol, Muratahan and Suram, Santosh and Gregoire, John},
  year={2019},
  publisher={ChemRxiv}
}
@article{gavaghan2018use,
  title={Use of Bayesian inference for parameter recovery in DC and AC Voltammetry},
  author={Gavaghan, David J and Cooper, Jonathan and Daly, Aidan C and Gill, Christopher and Gillow, Kathryn and Robinson, Martin and Simonov, Alexandr N and Zhang, Jie and Bond, Alan M},
  journal={ChemElectroChem},
  volume={5},
  number={6},
  pages={917--935},
  year={2018},
  publisher={Wiley Online Library}
}
@article{li2019application,
  title={Application of Bayesian Inference in Fourier-Transformed Alternating Current Voltammetry for Electrode Kinetic Mechanism Distinction},
  author={Li, Jiezhen and Kennedy, Gareth F and Gundry, Luke and Bond, Alan M and Zhang, Jie},
  journal={Analytical chemistry},
  volume={91},
  number={8},
  pages={5303--5309},
  year={2019},
  publisher={ACS Publications}
}
@article{robinson2018separating,
  title={Separating the Effects of Experimental Noise from Inherent System Variability in Voltammetry: The [Fe (CN) ₆] $^3$--/⁴--Process},
  author={Robinson, Martin and Simonov, Alexandr N and Zhang, Jie and Bond, Alan M and Gavaghan, David},
  year={2018}
}

@article{garnett2012bayesian,
  title={Bayesian optimal active search and surveying},
  author={Garnett, Roman and Krishnamurthy, Yamuna and Xiong, Xuehan and Schneider, Jeff and Mann, Richard},
  journal={arXiv preprint arXiv:1206.6406},
  year={2012}
}
@inproceedings{ma2014active,
  title={Active area search via Bayesian quadrature},
  author={Ma, Yifei and Garnett, Roman and Schneider, Jeff},
  booktitle={Artificial intelligence and statistics},
  pages={595--603},
  year={2014}
}
@inproceedings{gotovos2013active,
  title={Active learning for level set estimation},
  author={Gotovos, Alkis and Casati, Nathalie and Hitz, Gregory and Krause, Andreas},
  booktitle={Twenty-Third International Joint Conference on Artificial Intelligence},
  year={2013}
}

@misc{kennedy2015monash,
  title={Monash Electrochemistry Simulator (MECSim)},
  author={Kennedy, Gareth},
  year={2015}
}

@article{stoerzinger2015recent,
  title={Recent insights into manganese oxides in catalyzing oxygen reduction kinetics},
  author={Stoerzinger, Kelsey A and Risch, Marcel and Han, Binghong and Shao-Horn, Yang},
  journal={ACS Catalysis},
  volume={5},
  number={10},
  pages={6021--6031},
  year={2015},
  publisher={ACS Publications}
}
@article{bradley2019reversible,
  title={Reversible perovskite electrocatalysts for oxygen reduction/oxygen evolution},
  author={Bradley, Kieren and Giagloglou, Kyriakos and Hayden, Brian E and Jungius, Hugo and Vian, Chris},
  journal={Chemical science},
  volume={10},
  number={17},
  pages={4609--4617},
  year={2019},
  publisher={Royal Society of Chemistry}
}
@article{jung2016optimizing,
  title={Optimizing nanoparticle perovskite for bifunctional oxygen electrocatalysis},
  author={Jung, Jae-Il and Risch, Marcel and Park, Seungkyu and Kim, Min Gyu and Nam, Gyutae and Jeong, Hu-Young and Shao-Horn, Yang and Cho, Jaephil},
  journal={Energy \& Environmental Science},
  volume={9},
  number={1},
  pages={176--183},
  year={2016},
  publisher={Royal Society of Chemistry}
}


@article{martin2016qualitative,
  title={Qualitative extension of the EC′ Zone Diagram to a molecular catalyst for a multi-electron, multi-substrate electrochemical reaction},
  author={Martin, Daniel J and McCarthy, Brian D and Rountree, Eric S and Dempsey, Jillian L},
  journal={Dalton Transactions},
  volume={45},
  number={24},
  pages={9970--9976},
  year={2016},
  publisher={Royal Society of Chemistry}
}
@article{saveant1984homogeneous,
  title={Homogeneous redox catalysis of electrochemical reaction: Part VI. Zone diagram representation of the kinetic regimes},
  author={Sav{\'e}ant, JM and Su, KB},
  journal={Journal of electroanalytical chemistry and interfacial electrochemistry},
  volume={171},
  number={1-2},
  pages={341--349},
  year={1984},
  publisher={Elsevier}
}


@inproceedings{gardner2015bayesian,
  title={Bayesian active model selection with an application to automated audiometry},
  author={Gardner, Jacob and Malkomes, Gustavo and Garnett, Roman and Weinberger, Kilian Q and Barbour, Dennis and Cunningham, John P},
  booktitle={Advances in neural information processing systems},
  pages={2386--2394},
  year={2015}
}

@book{williams2006gaussian,
  title={Gaussian processes for machine learning},
  author={Williams, Christopher KI and Rasmussen, Carl Edward},
  volume={2},
  number={3},
  year={2006},
  publisher={MIT Press Cambridge, MA}
}


@misc{rountree2014evaluation,
  title={Evaluation of homogeneous electrocatalysts by cyclic voltammetry},
  author={Rountree, Eric S and McCarthy, Brian D and Eisenhart, Thomas T and Dempsey, Jillian L},
  year={2014},
  publisher={ACS Publications}
}

@article{jiang2018efficient,
  title={Efficient nonmyopic active search with applications in drug and materials discovery},
  author={Jiang, Shali and Malkomes, Gustavo and Moseley, Benjamin and Garnett, Roman},
  journal={arXiv preprint arXiv:1811.08871},
  year={2018}
}

%%% Introduction
@article{ward2017atomistic,
  title={Atomistic calculations and materials informatics: A review},
  author={Ward, Logan and Wolverton, Chris},
  journal={Current Opinion in Solid State and Materials Science},
  volume={21},
  number={3},
  pages={167--176},
  year={2017},
  publisher={Elsevier}
}
@article{ward2016general,
  title={A general-purpose machine learning framework for predicting properties of inorganic materials},
  author={Ward, Logan and Agrawal, Ankit and Choudhary, Alok and Wolverton, Christopher},
  journal={npj Computational Materials},
  volume={2},
  pages={16028},
  year={2016},
  publisher={Nature Publishing Group}
}
@article{stein2019functional,
  title={Functional mapping reveals mechanistic clusters for OER catalysis across (Cu--Mn--Ta--Co--Sn--Fe) O x composition and pH space},
  author={Stein, Helge S and Guevarra, Dan and Shinde, Aniketa and Jones, Ryan JR and Gregoire, John M and Haber, Joel A},
  journal={Materials Horizons},
  year={2019},
  publisher={Royal Society of Chemistry}
}

@article{suram2015generating,
  title={Generating information-rich high-throughput experimental materials genomes using functional clustering via multitree genetic programming and information theory},
  author={Suram, Santosh K and Haber, Joel A and Jin, Jian and Gregoire, John M},
  journal={ACS combinatorial science},
  volume={17},
  number={4},
  pages={224--233},
  year={2015},
  publisher={ACS Publications}
}
@article{costentin2015cyclic,
  title={Cyclic voltammetry analysis of electrocatalytic films},
  author={Costentin, Cyrille and Saveant, Jean-Michel},
  journal={The Journal of Physical Chemistry C},
  volume={119},
  number={22},
  pages={12174--12182},
  year={2015},
  publisher={ACS Publications}
}
@article{haber2014high,
  title={High-Throughput Mapping of the Electrochemical Properties of (Ni-Fe-Co-Ce) Ox Oxygen-Evolution Catalysts},
  author={Haber, Joel A and Xiang, Chengxiang and Guevarra, Dan and Jung, Suho and Jin, Jian and Gregoire, John M},
  journal={ChemElectroChem},
  volume={1},
  number={3},
  pages={524--528},
  year={2014},
  publisher={Wiley Online Library}
}

@article{tran2018active,
  title={Active learning across intermetallics to guide discovery of electrocatalysts for CO 2 reduction and H 2 evolution},
  author={Tran, Kevin and Ulissi, Zachary W},
  journal={Nature Catalysis},
  volume={1},
  number={9},
  pages={696},
  year={2018},
  publisher={Nature Publishing Group}
}
@article{kim2019active,
  title={Active-learning and materials design: the example of high glass transition temperature polymers},
  author={Kim, Chiho and Chandrasekaran, Anand and Jha, Anurag and Ramprasad, Rampi},
  journal={MRS Communications},
  pages={1--7},
  year={2019},
  publisher={Cambridge University Press}
}

@article{rohr2019benchmarking,
  title={Benchmarking the acceleration of materials discovery by sequential learning},
  author={Rohr, Brain and Stein, Helge and Guevarra, Dn and Wang, Yu and Haber, Joel and Aykol, Muratahan and Suram, Santosh and Gregoire, John},
  year={2019},
  publisher={ChemRxiv}
}
@article{gavaghan2018use,
  title={Use of Bayesian inference for parameter recovery in DC and AC Voltammetry},
  author={Gavaghan, David J and Cooper, Jonathan and Daly, Aidan C and Gill, Christopher and Gillow, Kathryn and Robinson, Martin and Simonov, Alexandr N and Zhang, Jie and Bond, Alan M},
  journal={ChemElectroChem},
  volume={5},
  number={6},
  pages={917--935},
  year={2018},
  publisher={Wiley Online Library}
}
@article{li2019application,
  title={Application of Bayesian Inference in Fourier-Transformed Alternating Current Voltammetry for Electrode Kinetic Mechanism Distinction},
  author={Li, Jiezhen and Kennedy, Gareth F and Gundry, Luke and Bond, Alan M and Zhang, Jie},
  journal={Analytical chemistry},
  volume={91},
  number={8},
  pages={5303--5309},
  year={2019},
  publisher={ACS Publications}
}
@article{robinson2018separating,
  title={Separating the Effects of Experimental Noise from Inherent System Variability in Voltammetry: The [Fe (CN) ₆] $^3$--/⁴--Process},
  author={Robinson, Martin and Simonov, Alexandr N and Zhang, Jie and Bond, Alan M and Gavaghan, David},
  year={2018}
}

@article{garnett2012bayesian,
  title={Bayesian optimal active search and surveying},
  author={Garnett, Roman and Krishnamurthy, Yamuna and Xiong, Xuehan and Schneider, Jeff and Mann, Richard},
  journal={arXiv preprint arXiv:1206.6406},
  year={2012}
}
@inproceedings{ma2014active,
  title={Active area search via Bayesian quadrature},
  author={Ma, Yifei and Garnett, Roman and Schneider, Jeff},
  booktitle={Artificial intelligence and statistics},
  pages={595--603},
  year={2014}
}
@inproceedings{gotovos2013active,
  title={Active learning for level set estimation},
  author={Gotovos, Alkis and Casati, Nathalie and Hitz, Gregory and Krause, Andreas},
  booktitle={Twenty-Third International Joint Conference on Artificial Intelligence},
  year={2013}
}

@misc{kennedy2015monash,
  title={Monash Electrochemistry Simulator (MECSim)},
  author={Kennedy, Gareth},
  year={2015}
}

@article{stoerzinger2015recent,
  title={Recent insights into manganese oxides in catalyzing oxygen reduction kinetics},
  author={Stoerzinger, Kelsey A and Risch, Marcel and Han, Binghong and Shao-Horn, Yang},
  journal={ACS Catalysis},
  volume={5},
  number={10},
  pages={6021--6031},
  year={2015},
  publisher={ACS Publications}
}
@article{bradley2019reversible,
  title={Reversible perovskite electrocatalysts for oxygen reduction/oxygen evolution},
  author={Bradley, Kieren and Giagloglou, Kyriakos and Hayden, Brian E and Jungius, Hugo and Vian, Chris},
  journal={Chemical science},
  volume={10},
  number={17},
  pages={4609--4617},
  year={2019},
  publisher={Royal Society of Chemistry}
}
@article{jung2016optimizing,
  title={Optimizing nanoparticle perovskite for bifunctional oxygen electrocatalysis},
  author={Jung, Jae-Il and Risch, Marcel and Park, Seungkyu and Kim, Min Gyu and Nam, Gyutae and Jeong, Hu-Young and Shao-Horn, Yang and Cho, Jaephil},
  journal={Energy \& Environmental Science},
  volume={9},
  number={1},
  pages={176--183},
  year={2016},
  publisher={Royal Society of Chemistry}
}

%% Fingerprinting
@article{martin2016qualitative,
  title={Qualitative extension of the EC′ Zone Diagram to a molecular catalyst for a multi-electron, multi-substrate electrochemical reaction},
  author={Martin, Daniel J and McCarthy, Brian D and Rountree, Eric S and Dempsey, Jillian L},
  journal={Dalton Transactions},
  volume={45},
  number={24},
  pages={9970--9976},
  year={2016},
  publisher={Royal Society of Chemistry}
}

@article{saveant1984homogeneous,
  title={Homogeneous redox catalysis of electrochemical reaction: Part VI. Zone diagram representation of the kinetic regimes},
  author={Sav{\'e}ant, JM and Su, KB},
  journal={Journal of electroanalytical chemistry and interfacial electrochemistry},
  volume={171},
  number={1-2},
  pages={341--349},
  year={1984},
  publisher={Elsevier}
}

@article{hill2016materials,
  title={Materials science with large-scale data and informatics: unlocking new opportunities},
  author={Hill, Joanne and Mulholland, Gregory and Persson, Kristin and Seshadri, Ram and Wolverton, Chris and Meredig, Bryce},
  journal={Mrs Bulletin},
  volume={41},
  number={5},
  pages={399--409},
  year={2016},
  publisher={Cambridge University Press}
}

@article{ludwig2019discovery,
  title={Discovery of new materials using combinatorial synthesis and high-throughput characterization of thin-film materials libraries combined with computational methods},
  author={Ludwig, Alfred},
  journal={npj Computational Materials},
  volume={5},
  number={1},
  pages={70},
  year={2019},
  publisher={Nature Publishing Group}
}